<record><leader>00000cas a22000007a 4500</leader><controlfield tag="001">13191584</controlfield><controlfield tag="008">860224d18651871pauwr ne      0    0eng d</controlfield><datafield ind1=" " ind2=" " tag="010"><subfield code="a">sn 86081133 </subfield></datafield><datafield ind1=" " ind2=" " tag="040"><subfield code="a">NPH</subfield><subfield code="b">eng</subfield><subfield code="c">NPH</subfield><subfield code="d">OCLCQ</subfield></datafield><datafield ind1=" " ind2=" " tag="042"><subfield code="a">msc</subfield></datafield><datafield ind1="0" ind2="4" tag="245"><subfield code="a">The Tioga County agitator.</subfield></datafield><datafield ind1=" " ind2=" " tag="260"><subfield code="a">Wellsboro, Tioga County, Pa. :</subfield><subfield code="b">M.H. Cobb,</subfield><subfield code="c">1865-1871.</subfield></datafield><datafield ind1=" " ind2=" " tag="300"><subfield code="a">6 v. ;</subfield><subfield code="c">59-60 cm.</subfield></datafield><datafield ind1=" " ind2=" " tag="310"><subfield code="a">Weekly</subfield></datafield><datafield ind1="0" ind2=" " tag="362"><subfield code="a">Vol. 12, no. 15 (Nov. 29, 1865)-v. 18, no. 51 (Dec. 20, 1871).</subfield></datafield><datafield ind1=" " ind2=" " tag="500"><subfield code="a">Published every Wednesday morning.</subfield></datafield><datafield ind1=" " ind2=" " tag="752"><subfield code="a">United States</subfield><subfield code="b">Pennsylvania</subfield><subfield code="c">Tioga</subfield><subfield code="d">Wellsboro.</subfield></datafield><datafield ind1="0" ind2="0" tag="780"><subfield code="t">Agitator (Wellsboro, Pa.)</subfield><subfield code="w">(DLC)sn 84026595</subfield></datafield><datafield ind1="0" ind2="0" tag="785"><subfield code="t">Wellsboro agitator</subfield><subfield code="w">(DLC)sn 86081130</subfield></datafield></record>